%% This BibTeX bibliography file was created using BibDesk.
%% http://bibdesk.sourceforge.net/

%% Created for erich at 2016-12-16 12:05:06 -0600 


%% Saved with string encoding Western (ASCII) 



@article{viewPoint,
	Author = {Sitabhra Sinha},
	Date-Added = {2016-12-16 18:01:08 +0000},
	Date-Modified = {2016-12-16 18:03:17 +0000},
	Journal = {American Physical Society},
	Month = {October},
	Title = {A Viewpoint on: All Scale-Free Networks are Sparse},
	Year = {2011}}

@article{RedDeg,
	Author = {Szabolcs Horv{\'a}t, {\'E}va Czabarka, Zolt{\'a}n Toroczkai},
	Date-Added = {2016-12-16 16:59:39 +0000},
	Date-Modified = {2016-12-16 17:00:58 +0000},
	Journal = {Physical Review Letters},
	Month = {April},
	Title = {Reducing Degeneracy in Maximum Entropy Models of Networks},
	Year = {2015}}

@article{EffSamp,
	Author = {Charo I. Del Genio, Hyunju Kim, Zolt{\'a}n Toroczkai, Kevin E. Bassler},
	Date-Added = {2016-12-16 16:53:16 +0000},
	Date-Modified = {2016-12-16 16:56:51 +0000},
	Journal = {Reviews of Modern Physics},
	Month = {February},
	Title = {Efficient and exact sampling of simple graphs with given arbitrary degree sequence},
	Year = {2010}}

@article{ExactSamp,
	Author = {Kevin E. Bassler, Charo I. Del Genio, P{\'e}ter L. Erd{\H o}s, Istv{\'a}n Mikl{\'o}s, Zolt{\'a}n Toroczkai},
	Date-Added = {2016-12-16 16:50:25 +0000},
	Date-Modified = {2016-12-16 16:53:15 +0000},
	Journal = {New Journal of Physics},
	Month = {June},
	Title = {Exact sampling of graphs with prescribed degree correlations},
	Year = {2015}}

@article{scaleFree,
	Author = {Charo I. Del Genio, Thilo Gross, Kevin E. Bassler},
	Date-Added = {2016-12-16 16:47:45 +0000},
	Date-Modified = {2016-12-16 18:03:13 +0000},
	Journal = {Physical Review Letters},
	Month = {October},
	Title = {All Scale-Free Networks are Sparse},
	Year = {2011}}

@book{NetIntr,
	Author = {M. E. J. Newman},
	Date-Added = {2016-12-16 16:39:54 +0000},
	Date-Modified = {2016-12-16 16:42:09 +0000},
	Publisher = {Oxford University Press},
	Title = {Networks an Introduction},
	Year = {2010}}

@book{NumRec,
	Author = {William H. Press, Saul A. Teukolsky, William T. Vetterling},
	Date-Added = {2016-12-16 16:26:36 +0000},
	Date-Modified = {2016-12-16 16:37:58 +0000},
	Edition = {2},
	Pages = {347-383},
	Publisher = {Cambridge University Press},
	Title = {Numerical Recipes in C, Second Edition},
	Year = {2002}}
